@techreport{example,
	author = {Osamu Nakamura and Hiroaki Hazeyama and Yukito Ueno and Akira Kato},
	title = {A Special Purpose TLD to resolve IPv4 Address Literal on DNS64/NAT64 environments},
	howpublished = {Working Draft},
	type = {Internet-Draft},
	number = {draft-osamu-v6ops-ipv4-literal-in-url-02},
	year = {2014},
	month = {October},
	institution = {IETF Secretariat},
	url = {http://www.ietf.org/internet-drafts/draft-osamu-v6ops-ipv4-literal-in-url-02.txt},
	note = {\url{http://www.ietf.org/internet-drafts/draft-osamu-v6ops-ipv4-literal-in-url-02.txt}},
}

@misc{fitness,
	title = {フィットネスクラブの市場動向について（第1回：全8回)},
	url = {https://www.a-t-company.jp/know-how/detail75/},
}
@misc{jbbf,
	author = {日本ボディビル・フィットネス連盟},
	title = {平成27年度 事業報告書,2021年度 事業報告書},
	url = {https://www.jbbf.jp/Sokai/_Sokai.html},
}
@misc{bodybuilding,
	author = {日本ボディビル・フィットネス連盟},
	title = {What is a Bodybuilding?},
	url = {https://www.jbbf.jp/Other/JBBF_Gaiyo.html},
}

@techreport{openpose,
	author = {Zhe Cao and Tomas Simon and Shih-En Wei and Yaser Sheikh},
	title = {Realtime Multi-Person 2D Pose Estimation using Part Affinity Fields},
	year = {2016},
	month = {November},
	url = {https://arxiv.org/pdf/1611.08050.pdf},
	note = {\url{https://arxiv.org/pdf/1611.08050.pdf}},
}

@misc{aizawa,
	author = {日本ボディビル・フィットネス連盟},
	title = {JBBF BODYBUILDING ポージングレッスン},
	url = {https://www.youtube.com/watch?v=k55Fp55NeiE},

}

@techreport{Relatedresearch1,
	author = {鎌田 夏輝, 柴原 匠棋, 林 康弘},
	title = {OpenPose を用いた姿勢差分の算出によるパーソナルバーチャルトレーニングシステム},
	howpublished = {Working Draft},
	type = {Internet-Draft},
	year = {2020},
	institution = {IETF Secretariat},
	url = {https://www.jsise.org/society/presentation/2020/pdf/01_hokkaido/a08.pdf},
	note = {\url{https://www.jsise.org/society/presentation/2020/pdf/01_hokkaido/a08.pdf}},
}
@techreport{Relatedresearch2,
	author = {岡本勝, 礒村智将, 松原行宏},
	title = {姿勢推定手法を活用したリアルタイム運動訓練支援環境},
	howpublished = {Working Draft},
	type = {Internet-Draft},
	year = {2016},
	institution = {IETF Secretariat},
	url = {https://www.jstage.jst.go.jp/article/pjsai/JSAI2016/0/JSAI2016_1C4OS13a1/_pdf/-char/ja},
	note = {\url{https://www.jstage.jst.go.jp/article/pjsai/JSAI2016/0/JSAI2016_1C4OS13a1/_pdf/-char/ja}},
}
